@article{ipython,
  Author         = {P\'erez, Fernando and Granger, Brian E.},
  Title          = {{IP}ython: a {S}ystem for {I}nteractive {S}cientific {C}omputing},
  Journal        = {{C}omput. {S}ci. {E}ng.},
  Volume         = {9},
  Number         = {3},
  Pages          = {21-29},
  month          = may,
  year           = 2007,
  url            = "http://ipython.org",
}

@misc{scipy,
  author =    {Eric Jones and Travis Oliphant and Pearu Peterson and others},
  title =     {{SciPy}: Open source scientific tools for {Python}},
  year =      {2001--},
  url = "http://www.scipy.org/"
}

@article{numpy,
author = {Travis E. Oliphant},
title = {Python for Scientific Computing},
publisher = {IEEE},
year = {2007},
journal = {Computing in Science \& Engineering},
volume = {9},
number = {3},
pages = {10-20},
keywords = {high level languages; natural sciences computing},
url = {http://link.aip.org/link/?CSX/9/10/1}
}

@article{matplotlib,
 author = {Hunter, John D.},
 title = {Matplotlib: A 2D Graphics Environment},
 journal = {Computing in Science and Engg.},
 issue_date = {May 2007},
 volume = {9},
 number = {3},
 month = may,
 year = {2007},
 issn = {1521-9615},
 pages = {90--95},
 numpages = {6},
 url = {http://dx.doi.org/10.1109/MCSE.2007.55},
 doi = {10.1109/MCSE.2007.55},
 acmid = {1251845},
 publisher = {IEEE Educational Activities Department},
 address = {Piscataway, NJ, USA},
 keywords = {Python, Python, scripting languages, application development, scientific programming, application development, scientific programming, scripting languages},
}

@article{pymca,
 title = "A multiplatform code for the analysis of energy-dispersive X-ray fluorescence spectra",
 journal = "Spectrochimica Acta Part B: Atomic Spectroscopy",
 volume = "62",
 number = "1",
 pages = "63 - 68",
 year = "2007",
 note = "",
 issn = "0584-8547",
 doi = "10.1016/j.sab.2006.12.002",
 url = "http://www.sciencedirect.com/science/article/pii/S0584854706003764",
 author = "V.A. Solé and E. Papillon and M. Cotte and Ph. Walter and J. Susini",
 keywords = "X-ray fluorescence",
}
@article{edna,
author = "Incardona, Marie-Fran{\c{c}}oise and Bourenkov, Gleb P. and Levik, Karl and Pieritz, Romeu A. and Popov, Alexander N. and Svensson, Olof",
title = "{{\it EDNA}: a framework for plugin-based applications applied to X-ray experiment online data analysis}",
journal = "Journal of Synchrotron Radiation",
year = "2009",
volume = "16",
number = "6",
pages = "872--879",
month = "Nov",
doi = {10.1107/S0909049509036681},
url = {http://dx.doi.org/10.1107/S0909049509036681},
}
@article{spd,
author = "Boesecke, Peter",
title = "{Reduction of two-dimensional small- and wide-angle X-ray scattering data}",
journal = "Journal of Applied Crystallography",
year = "2007",
volume = "40",
number = "s1",
pages = "s423--s427",
month = "Apr",
doi = {10.1107/S0021889807001100},
url = {http://dx.doi.org/10.1107/S0021889807001100},
}

@article{fit2d,
title = "Calibration and correction of spatial distortions in 2D detector systems",
journal = "Nuclear Instruments and Methods in Physics Research Section A: Accelerators, Spectrometers, Detectors and Associated Equipment",
volume = "346",
number = "1–2",
pages = "312 - 321",
year = "1994",
note = "",
issn = "0168-9002",
doi = "10.1016/0168-9002(94)90720-X",
url = "http://www.sciencedirect.com/science/article/pii/016890029490720X",
author = "A.P. Hammersley and S.O. Svensson and A. Thompson"
}
@article{pynx,
author = "Favre-Nicolin, Vincent and Coraux, Johann and Richard, Marie-Ingrid and Renevier, Hubert",
title = "{Fast computation of scattering maps of nanostructures using graphical processing units}",
journal = "Journal of Applied Crystallography",
year = "2011",
volume = "44",
number = "3",
pages = "635--640",
month = "Jun",
doi = {10.1107/S0021889811009009},
url = {http://dx.doi.org/10.1107/S0021889811009009},
}
@article{cython,
    author={Behnel, S. and Bradshaw, R. and Citro, C. and Dalcin, L. and Seljebotn, D.S. and Smith, K.},
    journal={Computing in Science Engineering},
    title={Cython: The Best of Both Worlds},
    year={2011},
    month={march-april},
    volume={13},
    number={2},
    pages={31 -39},
    keywords={Cython language;Fortran code;Python language extension;numerical loops;programming language;C language;numerical analysis;},
    doi={10.1109/MCSE.2010.118},
    ISSN={1521-9615},
}
@manual{opencl,
  added-at = {2009-09-10T14:36:22.000+0200},
  author = {{Khronos OpenCL Working Group}},
  month = {December},
  title = {The OpenCL Specification, version 1.0.29},
  url = {http://khronos.org/registry/cl/specs/opencl-1.0.29.pdf},
  year = 2008
}
@article{fftw,
  author = 	 {Frigo, Matteo and Johnson, Steven~G.},
  title = 	 {The Design and Implementation of {FFTW3}},
  journal = 	 {Proceedings of the IEEE},
  year = 	 2005,
  volume =	 93,
  number =	 2,
  pages =	 {216--231},
  note =	 {Special issue on ``Program Generation, Optimization, and Platform Adaptation''}
}